@article{novinky2025qcvyvoj,
    author  = "Miloslav Fišer",
    title   = "Éra kvantových počítačů přichází",
    year    = "2025",
    journal = "Novinky.cz",
    url     = "https://www.novinky.cz/clanek/internet-a-pc-hardware-era-kvantovych-pocitacu-prichazi-40511636",
    note    = {Online; přístup 24. dubna 2025}
}

@book{nielsen2000quantum,
  author    = {Michael A. Nielsen and Isaac L. Chuang},
  title     = {Quantum Computation and Quantum Information},
  year      = {2000},
  publisher = {Cambridge University Press},
  address   = {Cambridge},
  isbn      = {9780521635035}
}

@book{gruska2003quantum,
  author    = {Jozef Gruska},
  title     = {Quantum Computing},
  year      = {2003},
  publisher = {Morikita Shuppan Co., Ltd},
  address   = {Tokyo (Japonsko)},
  isbn      = {4-627-82791-1}
}

@INPROCEEDINGS{shor1994algo,
  author={Shor, P.W.},
  booktitle={Proceedings 35th Annual Symposium on Foundations of Computer Science}, 
  title={Algorithms for quantum computation: discrete logarithms and factoring}, 
  year={1994},
  volume={},
  number={},
  pages={124-134},
  keywords={Quantum computing;Quantum mechanics;Polynomials;Computational modeling;Physics computing;Computer simulation;Costs;Mechanical factors;Cryptography;Circuit simulation},
  doi={10.1109/SFCS.1994.365700}
}

@article{De_Wolf2017-ku,
  title     = "The potential impact of quantum computers on society",
  author    = "de Wolf, Ronald",
  journal   = "Ethics Inf. Technol.",
  publisher = "Springer Science and Business Media LLC",
  volume    =  19,
  number    =  4,
  month     =  dec,
  year      =  2017
}

@misc{microsoft2025break,
  author  = {Satya Nadella},
  title   = {Microsoft's Quantum Breakthrough with Majorana 1 Chip},
  year    = {2025},
  url     = {https://www.businessinsider.com/satya-nadella-microsoft-new-majorana-chip-quantum-breakthrough-state-matter-2025-2},
  note    = {Online; přístup 24. dubna 2025}
}

@article{carter2024qcUni,
    author = {Carter, Allison L. and O’Reilly, Jameson and Toh, George and Saha, Sagnik and Shalaev, Mikhail and Goetting, Isabella and Monroe, Christopher},
    title = {Ion trap with in-vacuum high numerical aperture imaging for a dual-species modular quantum computer},
    journal = {Review of Scientific Instruments},
    volume = {95},
    number = {3},
    pages = {033201},
    year = {2024},
    month = {03},
    abstract = {Photonic interconnects between quantum systems will play a central role in both scalable quantum computing and quantum networking. Entanglement of remote qubits via photons has been demonstrated in many platforms; however, improving the rate of entanglement generation will be instrumental for integrating photonic links into modular quantum computers. We present an ion trap system that has the highest reported free-space photon collection efficiency for quantum networking. We use a pair of in-vacuum aspheric lenses, each with a numerical aperture of 0.8, to couple 10(1)\% of the 493 nm photons emitted from a 138Ba+ ion into single-mode fibers. We also demonstrate that proximal effects of the lenses on the ion position and motion can be mitigated.},
    issn = {0034-6748},
    doi = {10.1063/5.0180732},
    url = {https://doi.org/10.1063/5.0180732},
    eprint = {https://pubs.aip.org/aip/rsi/article-pdf/doi/10.1063/5.0180732/19732485/033201\_1\_5.0180732.pdf},
}

@phdthesis{algo1999mosca,
    author = {Michele Mosca},
    title = {Quantum Computer Algorithms},
    school = {University of Oxford},
    year = {1999}
}

@phdthesis{james2011sim,
    author = {James Whitfield Daniel},
    title = {At the intersection of quantum computing and quantum chemistry},
    school = {Harvard University},
    year = {2011}
}

@misc{habr2020,
  author    = {Leonid Kluev},
  title     = {Learning quantum programming with examples. Yandex report},
  year      = {2020},
  url       = {https://habr.com/ru/companies/yandex/articles/510054/},
  note      = {Online; přístup 23. dubna 2025}
}